@inproceedings{imagenet_cvpr09,
	AUTHOR = {Deng, J. and Dong, W. and Socher, R. and Li, L.-J. and Li, K. and Fei-Fei, L.},
	TITLE = {{ImageNet: A Large-Scale Hierarchical Image Database}},
	BOOKTITLE = {Conference on Computer Vision and Pattern Recognition},
	YEAR = {2009},
	BIBSOURCE = {http://www.image-net.org/papers/imagenet_cvpr09.bib}
}

@inproceedings{KrizhevskySH12,
	author    = {Alex Krizhevsky and
	Ilya Sutskever and
	Geoffrey E. Hinton},
	title     = {ImageNet Classification with Deep Convolutional Neural Networks},
	booktitle = {Advances in Neural Information Processing Systems 25: 26th Annual
	Conference on Neural Information Processing Systems 2012. Proceedings
	of a meeting held December 3-6, 2012, Lake Tahoe, Nevada, United States.},
	pages     = {1106--1114},
	year      = {2012},
}